<?xml version="1.0" encoding="UTF-8"?><collection xmlns="http://www.loc.gov/MARC21/slim"><record><leader>00395nam--2200145-i-4500</leader><controlfield tag="001">000007761</controlfield><controlfield tag="002">20161230</controlfield><controlfield tag="005">20161230201027</controlfield><controlfield tag="008">060222s1000------------r-----000-0-eng-d</controlfield><datafield ind1=" " ind2=" " tag="080"><subfield code="a">621.372</subfield></datafield><datafield ind1=" " ind2=" " tag="100"><subfield code="a">Battersby, Albert</subfield></datafield><datafield ind1=" " ind2=" " tag="245"><subfield code="a">Network analysis for planning and scheduling</subfield></datafield><datafield ind1=" " ind2=" " tag="260"><subfield code="a">London, Macmillan And Co., Ltd., 1965 Viii + 218 P</subfield></datafield><datafield ind1=" " ind2=" " tag="490"><subfield code="a">Studies In Management</subfield></datafield><datafield ind1=" " ind2=" " tag="852"><subfield code="a">24487</subfield></datafield></record></collection>